@article{jin2022oil,
  title={Oil-immersed power transformer condition monitoring methodologies: A review},
  author={Jin, Lan and Kim, Dowon and Abu-Siada, Ahmed and Kumar, Shantanu},
  journal={Energies},
  volume={15},
  number={9},
  pages={3379},
  year={2022},
  publisher={MDPI}
}

@article{hunter2007matplotlib,
  title={Matplotlib: A 2D graphics environment},
  author={Hunter, John D},
  journal={Computing in science \& engineering},
  volume={9},
  number={03},
  pages={90--95},
  year={2007},
  publisher={IEEE Computer Society}
}

@inproceedings{he2024high,
  title={High Expectations: An Observational Study of Programming and Cannabis Intoxication},
  author={He, Wenxin and Parikh, Manasvi and Weimer, Westley and Endres, Madeline},
  booktitle={Proceedings of the IEEE/ACM 46th International Conference on Software Engineering},
  pages={1--12},
  year={2024}
}

@article{ye2025my,
  title={My Favorite Streamer is an LLM: Discovering, Bonding, and Co-Creating in AI VTuber Fandom},
  author={Ye, Jiayi and Chen, Chaoran and Huang, Yue and Ye, Yanfang and Li, Toby Jia-Jun and Zhang, Xiangliang},
  journal={arXiv preprint arXiv:2509.10427},
  year={2025}
}

@inproceedings{noh2024starting,
  title={Starting a new life after crossing the Tumen River: How North Korean defectors use digital technology in transition},
  author={Noh, Hayoun and Yoon, Soohyun and Jo, Hyunah and Van Kleek, Max and Kang, Younah},
  booktitle={Proceedings of the 2024 CHI Conference on Human Factors in Computing Systems},
  pages={1--26},
  year={2024}
}

@inproceedings{jin2019software,
  title={Software-defined cooking using a microwave oven},
  author={Jin, Haojian and Wang, Jingxian and Kumar, Swarun and Hong, Jason},
  booktitle={The 25th Annual International Conference on Mobile Computing and Networking},
  pages={1--16},
  year={2019}
}

@article{lin2025hidden,
  title={Hidden Prompts in Manuscripts Exploit AI-Assisted Peer Review},
  author={Lin, Zhicheng},
  journal={arXiv preprint arXiv:2507.06185},
  year={2025}
}